@article{muenchen,
	author = {Bayerisches Landesamt für Statistik},
	ALTeditor = {editor},
	title = {Statistische Berichte - Einwohnerzahlen	am 30. September 2020},
	publisher ={Bayerisches Landesamt für Statistik},
	year = {2020},
	OPTkey = {key},
	OPTvolume = {volume},
	OPTnumber = {number},
	OPTseries = {series},
	OPTaddress = {Nürnbarger Straße 95, 90762 Fürth},
	OPTedition = {edition},
	month = {09},
	OPTnote = {note},
	OPTannote = {annote},
	url={https://www.statistik.bayern.de/mam/produkte/veroffentlichungen/statistische_berichte/a1200c_202043.pdf}
}

@article{bonn,
	author = {Landesbetrieb Information und Technik Nordrhein-Westfalen},
	ALTeditor = {editor},
	title = {{Bevölkerung der Gemeinden Nordrhein-Westfalens am 31. Dezember 2019}},
	date = {2019},
	url = {https://www.landesdatenbank.nrw.de/ldbnrw/online;jsessionid=FBC481AAC50656B8CA9E933111BC242A.ldb2?sequenz=tabelleErgebnis&selectionname=12411-31iz#abreadcrumb},
	OPTsubtitle = {subtitle},
	OPTtitleaddon = {titleaddon},
	OPTlanguage = {language},
	OPTversion = {version},
	OPTnote = {note},
	OPTorganization = {organization},
	OPTdate = {date},
	month = {12},
	year = {2019},
	OPTaddendum = {addendum},
	OPTpubstate = {pubstate},
	OPTurldate = {urldate},
}


@article{Ortsteile,
	author = {{Stadt Bonn}},
	editor = {},
	title = {Flächen der Ortsteile},
	url = {https://opendata.bonn.de/dataset/fl%C3%A4chen-der-ortsteile},
	note = {accessed on 19.12.2020},
	year = {2020},
	month = {03},
	day = {02}
}